@article{gordon1974tutorial,
  title={A tutorial on ART (algebraic reconstruction techniques)},
  author={Gordon, Richard},
  journal={IEEE Transactions on Nuclear Science},
  volume={21},
  number={3},
  pages={78--93},
  year={1974},
  publisher={IEEE}
}
@article{andersen1984simultaneous,
  title={Simultaneous algebraic reconstruction technique (SART): a superior implementation of the ART algorithm},
  author={Andersen, Anders H and Kak, Avinash C},
  journal={Ultrasonic imaging},
  volume={6},
  number={1},
  pages={81--94},
  year={1984},
  publisher={Elsevier}
}
@article{trampert1990simultaneous,
  title={Simultaneous iterative reconstruction technique: physical interpretation based on the generalized least squares solution},
  author={Trampert, Jeannot and Leveque, Jean-Jacques},
  journal={J. geophys. Res},
  volume={95},
  number={12},
  pages={553--9},
  year={1990}
}
@article{dong2013mimo,
  title={MIMO nonlinear ultrasonic tomography by propagation and backpropagation method},
  author={Dong, Chengdong and Jin, Yuanwei},
  journal={IEEE Transactions on Image Processing},
  volume={22},
  number={3},
  pages={1056--1069},
  year={2013},
  publisher={IEEE}
}
@article{anthony1992ultrasound,
  title={Ultrasound tomography imaging of defects using neural networks},
  author={Anthony, Denis M and Hines, Evor L and Hutchins, David A and Mottram, J Toby},
  journal={Neural Computation},
  volume={4},
  number={5},
  pages={758--771},
  year={1992},
  publisher={MIT Press}
}
@article{pardoe1997neural,
  title={Neural networks applied to ultrasonic tomographic image reconstruction},
  author={Pardoe, AC and Hutchins, David A. and Mottram, J. Toby and Hines, Evor L.},
  journal={Neural Computing \& Applications},
  volume={5},
  number={2},
  pages={106--123},
  year={1997},
  publisher={Springer}
}
@article{dokur2002segmentation,
  title={Segmentation of ultrasound images by using a hybrid neural network},
  author={Dokur, Z{\"u}mray and {\"O}lmez, Tamer},
  journal={Pattern Recognition Letters},
  volume={23},
  number={14},
  pages={1825--1836},
  year={2002},
  publisher={Elsevier}
}
@article{miller1992review,
  title={Review of neural network applications in medical imaging and signal processing},
  author={Miller, AS and Blott, BH and others},
  journal={Medical and Biological Engineering and Computing},
  volume={30},
  number={5},
  pages={449--464},
  year={1992},
  publisher={Springer}
}
@article{sujana1996application,
  title={Application of artificial neural networks for the classification of liver lesions by image texture parameters},
  author={Sujana, H and Swarnamani, S and Suresh, S},
  journal={Ultrasound in medicine \& biology},
  volume={22},
  number={9},
  pages={1177--1181},
  year={1996},
  publisher={Elsevier}
}
@article{carneiro2012segmentation,
  title={The segmentation of the left ventricle of the heart from ultrasound data using deep learning architectures and derivative-based search methods},
  author={Carneiro, Gustavo and Nascimento, Jacinto C and Freitas, Ant{\'o}nio},
  journal={IEEE Transactions on Image Processing},
  volume={21},
  number={3},
  pages={968--982},
  year={2012},
  publisher={IEEE}
}
@article{prater1992segmenting,
  title={Segmenting ultrasound images of the prostate using neural networks},
  author={Prater, James S and Richard, William D},
  journal={Ultrasonic Imaging},
  volume={14},
  number={2},
  pages={159--185},
  year={1992},
  publisher={Elsevier}
}
@article{feleppa2002ultrasonic,
  title={Ultrasonic spectrum-analysis and neural-network classification as a basis for ultrasonic imaging to target brachytherapy of prostate cancer},
  author={Feleppa, Ernest J and Ennis, Ronald D and Schiff, Peter B and Wuu, Cheng-Shie and Kalisz, Andrew and Ketterling, Jeffery and Urban, Stella and Liu, Tian and Fair, William R and Porter, Christopher R and others},
  journal={Brachytherapy},
  volume={1},
  number={1},
  pages={48--53},
  year={2002},
  publisher={Elsevier}
}
@inproceedings{dougherty2008beamforming,
  title={What is beamforming?},
  author={Dougherty, Robert P},
  booktitle={Berlin Beamforming Conference (BeBeC), Germany Berlin},
  year={2008}
}
@article{springenberg2014striving,
  title={Striving for simplicity: The all convolutional net},
  author={Springenberg, Jost Tobias and Dosovitskiy, Alexey and Brox, Thomas and Riedmiller, Martin},
  journal={arXiv preprint arXiv:1412.6806},
  year={2014}
}
@inproceedings{long2015fully,
  title={Fully convolutional networks for semantic segmentation},
  author={Long, Jonathan and Shelhamer, Evan and Darrell, Trevor},
  booktitle={Proceedings of the IEEE Conference on Computer Vision and Pattern Recognition},
  pages={3431--3440},
  year={2015}
}
@inproceedings{krizhevsky2012imagenet,
  title={Imagenet classification with deep convolutional neural networks},
  author={Krizhevsky, Alex and Sutskever, Ilya and Hinton, Geoffrey E},
  booktitle={Advances in neural information processing systems},
  pages={1097--1105},
  year={2012}
}
@inproceedings{zeiler2014visualizing,
  title={Visualizing and understanding convolutional networks},
  author={Zeiler, Matthew D and Fergus, Rob},
  booktitle={European Conference on Computer Vision},
  pages={818--833},
  year={2014},
  organization={Springer}
}
@article{simonyan2014very,
  title={Very deep convolutional networks for large-scale image recognition},
  author={Simonyan, Karen and Zisserman, Andrew},
  journal={arXiv preprint arXiv:1409.1556},
  year={2014}
}
@inproceedings{szegedy2015going,
  title={Going deeper with convolutions},
  author={Szegedy, Christian and Liu, Wei and Jia, Yangqing and Sermanet, Pierre and Reed, Scott and Anguelov, Dragomir and Erhan, Dumitru and Vanhoucke, Vincent and Rabinovich, Andrew},
  booktitle={Proceedings of the IEEE Conference on Computer Vision and Pattern Recognition},
  pages={1--9},
  year={2015}
}
@article{dumoulin2016guide,
  title={A guide to convolution arithmetic for deep learning},
  author={Dumoulin, Vincent and Visin, Francesco},
  journal={arXiv preprint arXiv:1603.07285},
  year={2016}
}
@inproceedings{nair2010rectified,
  title={Rectified linear units improve restricted boltzmann machines},
  author={Nair, Vinod and Hinton, Geoffrey E},
  booktitle={Proceedings of the 27th International Conference on Machine Learning (ICML-10)},
  pages={807--814},
  year={2010}
}
@inproceedings{masci2011stacked,
  title={Stacked convolutional auto-encoders for hierarchical feature extraction},
  author={Masci, Jonathan and Meier, Ueli and Cire{\c{s}}an, Dan and Schmidhuber, J{\"u}rgen},
  booktitle={International Conference on Artificial Neural Networks},
  pages={52--59},
  year={2011},
  organization={Springer}
}
@article{vincent2010stacked,
  title={Stacked denoising autoencoders: Learning useful representations in a deep network with a local denoising criterion},
  author={Vincent, Pascal and Larochelle, Hugo and Lajoie, Isabelle and Bengio, Yoshua and Manzagol, Pierre-Antoine},
  journal={Journal of Machine Learning Research},
  volume={11},
  number={Dec},
  pages={3371--3408},
  year={2010}
}
@inproceedings{masci2011stacked,
  title={Stacked convolutional auto-encoders for hierarchical feature extraction},
  author={Masci, Jonathan and Meier, Ueli and Cire{\c{s}}an, Dan and Schmidhuber, J{\"u}rgen},
  booktitle={International Conference on Artificial Neural Networks},
  pages={52--59},
  year={2011},
  organization={Springer}
}
@ARTICLE{theano2016full,
   author = {
     Rami Al-Rfou and
     Guillaume Alain and
     Amjad Almahairi and
     Christof Angermueller and
     Dzmitry Bahdanau and
     Nicolas Ballas and
     Fr\'ed\'eric Bastien and
     Justin Bayer and
     Anatoly Belikov and
     Alexander Belopolsky and
     Yoshua Bengio and
     Arnaud Bergeron and
     James Bergstra and
     Valentin Bisson and
     Josh {Bleecher Snyder} and
     Nicolas Bouchard and
     Nicolas Boulanger-Lewandowski and
     Xavier Bouthillier and
     Alexandre de Br\'ebisson and
     Olivier Breuleux and
     Pierre-Luc Carrier and
     Kyunghyun Cho and
     Jan Chorowski and
     Paul Christiano and
     Tim Cooijmans and
     Marc-Alexandre C\^ot\'e and
     Myriam C\^ot\'e and
     Aaron Courville and
     Yann N. Dauphin and
     Olivier Delalleau and
     Julien Demouth and
     Guillaume Desjardins and
     Sander Dieleman and
     Laurent Dinh and
     M\'elanie Ducoffe and
     Vincent Dumoulin and
     Samira {Ebrahimi Kahou} and
     Dumitru Erhan and
     Ziye Fan and
     Orhan Firat and
     Mathieu Germain and
     Xavier Glorot and
     Ian Goodfellow and
     Matt Graham and
     Caglar Gulcehre and
     Philippe Hamel and
     Iban Harlouchet and
     Jean-Philippe Heng and
     Bal\'azs Hidasi and
     Sina Honari and
     Arjun Jain and
     S\'ebastien Jean and
     Kai Jia and
     Mikhail Korobov and
     Vivek Kulkarni and
     Alex Lamb and
     Pascal Lamblin and
     Eric Larsen and
     C\'esar Laurent and
     Sean Lee and
     Simon Lefrancois and
     Simon Lemieux and
     Nicholas L\'eonard and
     Zhouhan Lin and
     Jesse A. Livezey and
     Cory Lorenz and
     Jeremiah Lowin and
     Qianli Ma and
     Pierre-Antoine Manzagol and
     Olivier Mastropietro and
     Robert T. McGibbon and
     Roland Memisevic and
     Bart van Merri\"enboer and
     Vincent Michalski and
     Mehdi Mirza and
     Alberto Orlandi and
     Christopher Pal and
     Razvan Pascanu and
     Mohammad Pezeshki and
     Colin Raffel and
     Daniel Renshaw and
     Matthew Rocklin and
     Adriana Romero and
     Markus Roth and
     Peter Sadowski and
     John Salvatier and
     Fran\c{c}ois Savard and
     Jan Schl\"uter and
     John Schulman and
     Gabriel Schwartz and
     Iulian Vlad Serban and
     Dmitriy Serdyuk and
     Samira Shabanian and
     \'Etienne Simon and
     Sigurd Spieckermann and
     S. Ramana Subramanyam and
     Jakub Sygnowski and
     J\'er\'emie Tanguay and
     Gijs van Tulder and
     Joseph Turian and
     Sebastian Urban and
     Pascal Vincent and
     Francesco Visin and
     Harm de Vries and
     David Warde-Farley and
     Dustin J. Webb and
     Matthew Willson and
     Kelvin Xu and
     Lijun Xue and
     Li Yao and
     Saizheng Zhang and
     Ying Zhang},
 collaboration = {Theano Development Team},
    title = "{Theano: A {Python} framework for fast computation of mathematical expressions}",
  journal = {arXiv e-prints},
   volume = {abs/1605.02688},
 primaryClass = "cs.SC",
 keywords = {Computer Science - Symbolic Computation, Computer Science - Learning, Computer Science - Mathematical Software},
     year = 2016,
    month = may,
      url = {http://arxiv.org/abs/1605.02688},
}
@ARTICLE{theano2016short,
   author = {{Theano Development Team}},
    title = "{Theano: A {Python} framework for fast computation of mathematical expressions}",
  journal = {arXiv e-prints},
   volume = {abs/1605.02688},
 primaryClass = "cs.SC",
 keywords = {Computer Science - Symbolic Computation, Computer Science - Learning, Computer Science - Mathematical Software},
     year = 2016,
    month = may,
      url = {http://arxiv.org/abs/1605.02688},
}
@article{keras,
author = {Fran\c{c}ois Chollet},
title = {keras},
year = {2015},
publisher = {GitHub},
journal = {GitHub repository},
url = {https://github.com/fchollet/keras},
commit = {13bd33e73f0ba8b072584c807eea1ace9c00fcf5}
}
